@book{lathi2009linear,
    title={Linear Systems and Signals},
    author={Lathi, B.P.},
    isbn={9780195392562},
    lccn={2003064978},
    series={The Oxford series in electrical and computer engineering},
    url={https://books.google.com.br/books?id=JC18PwAACAAJ},
    year={2009},
    publisher={Oxford University Press}
}


@book{tuzlukov2002signal,
    title={Signal Processing Noise},
    author={Tuzlukov, V.},
    isbn={9781420041118},
    lccn={2002017487},
    series={Electrical Engineering \& Applied Signal Processing Series},
    url={https://books.google.com.br/books?id=x6hoBG\_MAYIC},
    year={2002},
    publisher={CRC Press}
}



@book{camerer2011behavioral,
    title={Behavioral game theory: Experiments in strategic interaction},
    author={Camerer, Colin F},
    year={2011},
    publisher={Princeton University Press}
}



@article{shannon1948mathematical,
    title={A mathematical theory of communication},
    author={Shannon, Claude Elwood},
    journal={Bell system technical journal},
    volume={27},
    number={3},
    pages={379--423},
    year={1948},
    publisher={Wiley Online Library}
}


@book{haykin1999neural,
    title={Neural Networks: A Comprehensive Foundation},
    author={Haykin, S.S.},
    isbn={9780132733502},
    lccn={gb98059240},
    series={International edition},
    url={https://books.google.com.br/books?id=bX4pAQAAMAAJ},
    year={1999},
    publisher={Prentice Hall}
}


@ARTICLE{720250,
    author={J. -. Cardoso},
    journal={Proceedings of the IEEE},
    title={Blind signal separation: statistical principles},
    year={1998},
    volume={86},
    number={10},
    pages={2009-2025},
    keywords={array signal processing;adaptive signal processing;estimation theory;higher order statistics;blind signal separation;statistical principles;independent component analysis;ICA;BSS;array processing;data analysis;unobserved signals;unobserved sources;mixtures;mutual independence;Blind source separation;Source separation;Sensor arrays;Independent component analysis;Signal processing;Array signal processing;Adaptive arrays;Adaptive signal processing;Acoustic sensors;Statistics},
    doi={10.1109/5.720250},
    ISSN={0018-9219},
    month={Oct}
}


@article {Press10409,
	author = {Press, William H. and Dyson, Freeman J.},
	title = {Iterated Prisoner{\textquoteright}s Dilemma contains strategies that dominate any evolutionary opponent},
	volume = {109},
	number = {26},
	pages = {10409--10413},
	year = {2012},
	doi = {10.1073/pnas.1206569109},
	publisher = {National Academy of Sciences},
	issn = {0027-8424},
	URL = {http://www.pnas.org/content/109/26/10409},
	eprint = {http://www.pnas.org/content/109/26/10409.full.pdf},
	journal = {Proceedings of the National Academy of Sciences}
}


@book{fudenberg1991game,
    title={Game Theory},
    author={Fudenberg, D. and Tirole, J. and TIROLE, J.A. and MIT Press},
    isbn={9780262061414},
    lccn={91002301},
    series={Mit Press},
    url={https://books.google.com.br/books?id=pFPHKwXro3QC},
    year={1991},
    publisher={MIT Press}
}


@ARTICLE{661474,
    author={J. Benesty and D. R. Morgan and M. M. Sondhi},
    journal={IEEE Transactions on Speech and Audio Processing},
    title={A better understanding and an improved solution to the specific problems of stereophonic acoustic echo cancellation},
    year={1998},
    volume={6},
    number={2},
    pages={156-165},
    keywords={acoustic signal processing;echo suppression;teleconferencing;Hi-Fi equipment;loudspeakers;microphones;telecommunication channels;stereophonic acoustic echo cancellation;teleconferencing systems;echo reduction;loudspeaker;microphone;two-channel audio;stereophonic sound;acoustic paths;channel nonlinearity;interchannel coherence;self masking;Microphones;Echo cancellers;Teleconferencing;Loudspeakers;Vectors;Jacobian matrices;Speech coding;Couplings;Signal analysis;Linear systems},
    doi={10.1109/89.661474},
    ISSN={1063-6676},
    month={March},
}



@inbook{doi:10.1002/9781405186407.wbiecr029,
    author = {Krippendorff, Klaus},
    publisher = {American Cancer Society},
    isbn = {9781405186407},
    title = {Reliability},
    booktitle = {The International Encyclopedia of Communication},
    chapter = {},
    pages = {},
    doi = {10.1002/9781405186407.wbiecr029},
    url = {https://onlinelibrary.wiley.com/doi/abs/10.1002/9781405186407.wbiecr029},
    eprint = {https://onlinelibrary.wiley.com/doi/pdf/10.1002/9781405186407.wbiecr029},
    year = {2008},
    keywords = {Content Analysis, Methods in Communication and Media Studies, Methods in Sociology, research methods},
    abstract = {Linguistically, the word “reliability” occurs in contexts of relying on something, for example, on one's tools, someone else's service, given measuring instruments, or data. In the conduct of science, the reliability of data is an important bottleneck for the construction of theories or scientific conjectures, and for giving reasonable advice.}
}



@article{10.2307/2236703,
    ISSN = {00034851},
    URL = {http://www.jstor.org/stable/2236703},
    author = {S. Kullback and R. A. Leibler},
    journal = {The Annals of Mathematical Statistics},
    number = {1},
    pages = {79--86},
    publisher = {Institute of Mathematical Statistics},
    title = {On Information and Sufficiency},
    volume = {22},
    year = {1951}
}



@book{bishop1995neural,
    title={Neural Networks for Pattern Recognition},
    author={Bishop, C.M. and Hinton, G. and Oxford University Press and Bishop, P.N.C.C.M.},
    isbn={9780198538646},
    lccn={95040465},
    series={Advanced Texts in Econometrics},
    url={https://books.google.com.br/books?id=T0S0BgAAQBAJ},
    year={1995},
    publisher={Clarendon Press}
}



@book{cover2012elements,
    title={Elements of Information Theory},
    author={Cover, T.M. and Thomas, J.A.},
    isbn={9781118585771},
    url={https://books.google.com.br/books?id=VWq5GG6ycxMC},
    year={2012},
    publisher={Wiley}
}



@Inbook{Akaike1998,
    author="Akaike, Hirotogu",
    editor="Parzen, Emanuel
    and Tanabe, Kunio
    and Kitagawa, Genshiro",
    title="Information Theory and an Extension of the Maximum Likelihood Principle",
    bookTitle="Selected Papers of Hirotugu Akaike",
    year="1998",
    publisher="Springer New York",
    address="New York, NY",
    pages="199--213",
    isbn="978-1-4612-1694-0",
    doi="10.1007/978-1-4612-1694-0_15",
    url="https://doi.org/10.1007/978-1-4612-1694-0_15"
}



@article{nash1950equilibrium,
    title={Equilibrium points in n-person games},
    author={Nash, John F and others},
    journal={Proceedings of the national academy of sciences},
    volume={36},
    number={1},
    pages={48--49},
    year={1950},
    publisher={USA}
}



@book{myerson1997game,
    title={Game Theory},
    author={Myerson, R.B.},
    isbn={9780674341166},
    lccn={lc90042901},
    url={https://books.google.com.br/books?id=E8WQFRCsNr0C},
    year={1997},
    publisher={Harvard University Press}
}



@book{von1967theory,
    title={Theory of Games and Economic Behavior},
    author={Von Neumann, J. and Morgenstern, O.},
    isbn={9780471911852},
    series={Science editions},
    url={https://books.google.com.br/books?id=\_NZpuQEACAAJ},
    year={1967},
    publisher={Wiley}
}




@book{poundstone1992prisoner,
    title={Prisoner's Dilemma},
    author={Poundstone, W.},
    isbn={9780385415675},
    lccn={91013906},
    url={https://books.google.com.br/books?id=9uruAAAAMAAJ},
    year={1992},
    publisher={Doubleday}
}




@article {Nash48,
	author = {Nash, John F.},
	title = {Equilibrium points in n-person games},
	volume = {36},
	number = {1},
	pages = {48--49},
	year = {1950},
	doi = {10.1073/pnas.36.1.48},
	publisher = {National Academy of Sciences},
	issn = {0027-8424},
	URL = {http://www.pnas.org/content/36/1/48},
	eprint = {http://www.pnas.org/content/36/1/48.full.pdf},
	journal = {Proceedings of the National Academy of Sciences}
}



@article{press2012iterated,
    title={Iterated Prisoner’s Dilemma contains strategies that dominate any evolutionary opponent},
    author={Press, William H and Dyson, Freeman J},
    journal={Proceedings of the National Academy of Sciences},
    volume={109},
    number={26},
    pages={10409--10413},
    year={2012},
    publisher={National Acad Sciences}
}



@inbook{doi:10.1002/9781118445112.stat01685,
    author = {Degroot, M. H.},
    publisher = {American Cancer Society},
    isbn = {9781118445112},
    title = {Minimax Decision Rules},
    booktitle = {Wiley StatsRef: Statistics Reference Online},
    chapter = {},
    pages = {},
    doi = {10.1002/9781118445112.stat01685},
    url = {https://onlinelibrary.wiley.com/doi/abs/10.1002/9781118445112.stat01685},
    eprint = {https://onlinelibrary.wiley.com/doi/pdf/10.1002/9781118445112.stat01685},
    year = {2014}
}



@book{10.2307/j.ctt1r2gkx,
    ISBN = {9780691130613},
    URL = {http://www.jstor.org/stable/j.ctt1r2gkx},
    author = {John von Neumann and Oskar Morgenstern and Harold W. Kuhn and Ariel Rubinstein},
    publisher = {Princeton University Press},
    title = {Theory of Games and Economic Behavior (60th Anniversary Commemorative Edition)},
    year = {1944}
}



@Article{v.Neumann1928,
    author="v. Neumann, J.",
    title="Zur Theorie der Gesellschaftsspiele",
    journal="Mathematische Annalen",
    year="1928",
    month="Dec",
    day="01",
    volume="100",
    number="1",
    pages="295--320",
    issn="1432-1807",
    doi="10.1007/BF01448847",
    url="https://doi.org/10.1007/BF01448847"
}



@book{willem1997minimax,
  title={Minimax Theorems},
  author={Willem, M.},
  isbn={9780817639136},
  lccn={96019919},
  series={Progress in Nonlinear Differential Equations and Their Applications},
  url={https://books.google.com.br/books?id=UVVuMLLcUPoC},
  year={1997},
  publisher={Birkh{\"a}user Boston}
}



@article{blackwell1956analog,
    title={An analog of the minimax theorem for vector payoffs.},
    author={Blackwell, David and others},
    journal={Pacific Journal of Mathematics},
    volume={6},
    number={1},
    pages={1--8},
    year={1956},
    publisher={Pacific Journal of Mathematics}
}



@book{osborne1994course,
    title={A Course in Game Theory},
    author={Osborne, M.J. and Rubinstein, A. and MIT Press},
    isbn={9780262150415},
    lccn={94008308},
    url={https://books.google.com.br/books?id=UHv1DAAAQBAJ},
    year={1994},
    publisher={MIT Press}
}



@book{yadav2015introduction,
    title={An Introduction to Neural Network Methods for Differential Equations},
    author={Yadav, N. and Yadav, A. and Kumar, M.},
    isbn={9789401798150},
    series={SpringerBriefs in Applied Sciences and Technology},
    url={https://books.google.com.br/books?id=PinurQEACAAJ},
    year={2015},
    publisher={Springer Netherlands}
}



@article{mcculloch1943logical,
    title={A logical calculus of the ideas immanent in nervous activity},
    author={McCulloch, Warren S and Pitts, Walter},
    journal={The bulletin of mathematical biophysics},
    volume={5},
    number={4},
    pages={115--133},
    year={1943},
    publisher={Springer}
}



@techreport{kleene1951representation,
    title={Representation of events in nerve nets and finite automata},
    author={Kleene, Stephen Cole},
    year={1951},
    institution={RAND PROJECT AIR FORCE SANTA MONICA CA}
}



@article{rosenblatt1958perceptron,
    title={The perceptron: a probabilistic model for information storage and organization in the brain.},
    author={Rosenblatt, Frank},
    journal={Psychological review},
    volume={65},
    number={6},
    pages={386},
    year={1958},
    publisher={American Psychological Association}
}



@book{ivakhnenko1967cybernetics,
    title={Cybernetics and forecasting techniques},
    author={Ivakhnenko, A.G. and Lapa, V.G.},
    lccn={67027815},
    series={Modern analytic and computational methods in science and mathematics},
    url={https://books.google.com.br/books?id=rGFgAAAAMAAJ},
    year={1967},
    publisher={American Elsevier Pub. Co.}
}



@book{minsky1972perceptrons,
    title={Perceptrons: An Introduction to Computational Geometry},
    author={Minsky, M.L. and Papert, S.},
    isbn={9780262130431},
    url={https://books.google.com.br/books?id=Ow1OAQAAIAAJ},
    year={1972},
    publisher={Mit Press}
}



@book{werbos1975beyond,
    title={Beyond Regression: New Tools for Prediction and Analysis in the Behavioral Sciences},
    author={Werbos, P.J.},
    url={https://books.google.com.br/books?id=z81XmgEACAAJ},
    year={1975},
    publisher={Harvard University}
}



@book{rumelhart1986psychological,
    title={Psychological and Biological Models},
    author={Rumelhart, D.E. and McClelland, J.L. and PDP Research Group and University of California, San Diego. PDP Research Group},
    number={v. 2},
    isbn={9780262631105},
    lccn={85024073},
    series={A Bradford Book},
    url={https://books.google.com.br/books?id=davmLgzusB8C},
    year={1986},
    publisher={MIT Press}
}



@inproceedings{weng1992cresceptron,
    title={Cresceptron: a self-organizing neural network which grows adaptively},
    author={Weng, Juyang and Ahuja, Narendra and Huang, Thomas S},
    booktitle={Neural Networks, 1992. IJCNN., International Joint Conference on},
    volume={1},
    pages={576--581},
    year={1992},
    organization={IEEE}
}



@incollection{scherer2010evaluation,
    title={Evaluation of pooling operations in convolutional architectures for object recognition},
    author={Scherer, Dominik and M{\"u}ller, Andreas and Behnke, Sven},
    booktitle={Artificial Neural Networks--ICANN 2010},
    pages={92--101},
    year={2010},
    publisher={Springer}
}



@article{hinton2006fast,
    title={A fast learning algorithm for deep belief nets},
    author={Hinton, Geoffrey E and Osindero, Simon and Teh, Yee-Whye},
    journal={Neural computation},
    volume={18},
    number={7},
    pages={1527--1554},
    year={2006},
    publisher={MIT Press}
}



@inproceedings{le2013building,
    title={Building high-level features using large scale unsupervised learning},
    author={Le, Quoc V},
    booktitle={Acoustics, Speech and Signal Processing (ICASSP), 2013 IEEE International Conference on},
    pages={8595--8598},
    year={2013},
    organization={IEEE}
}



@Article{Varatharajan2018,
    author="Varatharajan, R.
    and Manogaran, Gunasekaran
    and Priyan, M. K.",
    title="A big data classification approach using LDA with an enhanced SVM method for ECG signals in cloud computing",
    journal="Multimedia Tools and Applications",
    year="2018",
    month="Apr",
    day="01",
    volume="77",
    number="8",
    pages="10195--10215",
    issn="1573-7721",
    doi="10.1007/s11042-017-5318-1",
    url="https://doi.org/10.1007/s11042-017-5318-1"
}



@ARTICLE{8396317,
    author={R. Fernandez Molanes and K. Amarasinghe and J. Rodriguez-Andina and M. Manic},
    journal={IEEE Industrial Electronics Magazine},
    title={Deep Learning and Reconfigurable Platforms in the Internet of Things: Challenges and Opportunities in Algorithms and Hardware},
    year={2018},
    volume={12},
    number={2},
    pages={36-49},
    keywords={Big Data;Data mining;Internet of Things;Machine learning;Neural networks;Smart cities;Smart homes},
    doi={10.1109/MIE.2018.2824843},
    ISSN={1932-4529},
    month={June},
}



@ARTICLE{8291134,
    author={A. Abeshu and N. Chilamkurti},
    journal={IEEE Communications Magazine},
    title={Deep Learning: The Frontier for Distributed Attack Detection in Fog-to-Things Computing},
    year={2018},
    volume={56},
    number={2},
    pages={169-175},
    keywords={Internet;Internet of Things;cloud computing;computer crime;computer network security;data mining;learning (artificial intelligence);IoT applications;IoT devices;attack detection mechanisms;centralization hammers;classical machine-learning;cloud computing;cryptographic solutions;cyber-attack detection;cyber-attacks;cybersecurity controls;deep learning scheme;deep models;deep networks;detection accuracy;distributed attack detection;distributed services;diversity;edge networks;exponential rise;fog-to-things computing;massively distributed nodes;new emerging IoT applications;security mechanisms;smart objects;substantial cybersecurity challenges;system development flaws;traditional Internet;Cloud computing;Computational modeling;Computer architecture;Edge computing;Machine learning;Malware;Security},
    doi={10.1109/MCOM.2018.1700332},
    ISSN={0163-6804},
    month={Feb},
}



@ARTICLE{8253595,
    author={R. Ranjan and S. Sankaranarayanan and A. Bansal and N. Bodla and J. C. Chen and V. M. Patel and C. D. Castillo and R. Chellappa},
    journal={IEEE Signal Processing Magazine},
    title={Deep Learning for Understanding Faces: Machines May Be Just as Good, or Better, than Humans},
    year={2018},
    volume={35},
    number={1},
    pages={66-83},
    keywords={face recognition;learning (artificial intelligence);DCNN;GPU;automatic face recognition system;class labels;deep convolutional neural networks;deep learning;face understanding;graphics processing units;image labels;object detection;object recognition;Biometrics;Detectors;Face recognition;Feature extraction;Graphics processing;Machine learning;Neural networks;Pose estimation;Videos},
    doi={10.1109/MSP.2017.2764116},
    ISSN={1053-5888},
    month={Jan},
}



@ARTICLE{8337897,
    author={G. Muhammad and M. F. Alhamid and M. Alsulaiman and B. Gupta},
    journal={IEEE Communications Magazine},
    title={Edge Computing with Cloud for Voice Disorder Assessment and Treatment},
    year={2018},
    volume={56},
    number={4},
    pages={60-65},
    keywords={cloud computing;health care;learning (artificial intelligence);medical diagnostic computing;medical disorders;patient diagnosis;patient treatment;Saarbrucken Voice Disorder database;cloud computing;deep learning;edge computing;real-time computing;smart healthcare framework;voice disorder assessment;voice disorder treatment;5G mobile communication;Cloud computing;Edge computing;Medical treatment;Real-time systems;Smart healthcare;Task analysis},
    doi={10.1109/MCOM.2018.1700790},
    ISSN={0163-6804},
    month={APRIL},
}

@ARTICLE{8344803,
    author={L. F. Herrera-Quintero and J. J. Samper-Zapater and M. Svitek and W. David},
    journal={IEEE Intelligent Transportation Systems Magazine},
    title={Special Section on ITS Services to Smart City Context [Guest Editorial]},
    year={2018},
    volume={10},
    number={2},
    pages={4-5},
    keywords={Cloud computing;History;Intelligent transportation systems;Internet of Things;Market opportunities;Smart cities;Special issues and sections;Technology forecasting;Transportation},
    doi={10.1109/MITS.2018.2811449},
    ISSN={1939-1390},
    month={Summer},
}

@ARTICLE{8359094,
    author={U. Challita and L. Dong and W. Saad},
    journal={IEEE Transactions on Wireless Communications},
    title={Proactive Resource Management for LTE in Unlicensed Spectrum: A Deep Learning Perspective},
    year={2018},
    volume={17},
    number={7},
    pages={4674-4689},
    keywords={Games;Long Term Evolution;Machine learning;Resource management;Wireless communication;Wireless fidelity;LTE-U;Licensed assisted access LTE (LTE-LAA);deep reinforcement learning;game theory;long short term memory (LSTM);proactive resource allocation;small cell;unlicensed band},
    doi={10.1109/TWC.2018.2829773},
    ISSN={1536-1276},
    month={July},
}

@ARTICLE{8359121,
    author={D. K. Iakovidis and S. V. Georgakopoulos and M. Vasilakakis and A. Koulaouzidis and V. P. Plagianakos},
    journal={IEEE Transactions on Medical Imaging},
    title={Detecting and Locating Gastrointestinal Anomalies Using Deep Learning and Iterative Cluster Unification},
    year={2018},
    volume={},
    number={},
    pages={1-1},
    keywords={Endoscopes;Feature extraction;Gastrointestinal tract;Image color analysis;Image segmentation;Lesions;Training;Endoscopy;computer-aided detection and diagnosis;gastrointestinal tract;machine learning},
    doi={10.1109/TMI.2018.2837002},
    ISSN={0278-0062},
    month={},
}

@ARTICLE{8319916,
    author={J. Lei and Q. Liu and X. Wang},
    journal={IEEE Transactions on Instrumentation and Measurement},
    title={Deep Learning-Based Inversion Method for Imaging Problems in Electrical Capacitance Tomography},
    year={2018},
    volume={},
    number={},
    pages={1-12},
    keywords={Cost function;Image reconstruction;Imaging;Iterative methods;Machine learning;Numerical models;Training;Deep extreme learning machine (DELM);deep learning;electrical capacitance tomography (ECT);image reconstruction;inverse problem;reconstruction method.},
    doi={10.1109/TIM.2018.2811228},
    ISSN={0018-9456},
    month={},
}


@ARTICLE{8253582,
    author={J. Han and D. Zhang and G. Cheng and N. Liu and D. Xu},
    journal={IEEE Signal Processing Magazine},
    title={Advanced Deep-Learning Techniques for Salient and Category-Specific Object Detection: A Survey},
    year={2018},
    volume={35},
    number={1},
    pages={84-100},
    keywords={learning (artificial intelligence);object detection;COD;SOD;category-specific object detection;computer vision;deep learning techniques;objectness detection;salient object detection;Computer architecture;Computer vision;Convolution;Feature extraction;Machine learning;Object detection;Visualization},
    doi={10.1109/MSP.2017.2749125},
    ISSN={1053-5888},
    month={Jan},
}



@incollection{NIPS2014_5423,
    title = {Generative Adversarial Nets},
    author = {Goodfellow, Ian and Pouget-Abadie, Jean and Mirza, Mehdi and Xu, Bing and Warde-Farley, David and Ozair, Sherjil and Courville, Aaron and Bengio, Yoshua},
    booktitle = {Advances in Neural Information Processing Systems 27},
    editor = {Z. Ghahramani and M. Welling and C. Cortes and N. D. Lawrence and K. Q. Weinberger},
    pages = {2672--2680},
    year = {2014},
    publisher = {Curran Associates, Inc.},
    url = {http://papers.nips.cc/paper/5423-generative-adversarial-nets.pdf}
}




@misc{lecun-mnisthandwrittendigit-2010,
    added-at = {2010-06-28T21:16:30.000+0200},
    author = {LeCun, Yann and Cortes, Corinna},
    biburl = {https://www.bibsonomy.org/bibtex/2935bad99fa1f65e03c25b315aa3c1032/mhwombat},
    groups = {public},
    howpublished = {http://yann.lecun.com/exdb/mnist/},
    interhash = {21b9d0558bd66279df9452562df6e6f3},
    intrahash = {935bad99fa1f65e03c25b315aa3c1032},
    keywords = {MSc _checked character_recognition mnist network neural},
    lastchecked = {2016-01-14 14:24:11},
    timestamp = {2016-07-12T19:25:30.000+0200},
    title = {{MNIST} handwritten digit database},
    url = {http://yann.lecun.com/exdb/mnist/},
    username = {mhwombat},
    year = 2010,
}


@misc{cifar-dataset,
    title= {CIFAR-10 (Canadian Institute for Advanced Research)},
    journal= {},
    author= {Alex Krizhevsky and Vinod Nair and Geoffrey Hinton},
    year= {2009},
    url= {http://www.cs.toronto.edu/~kriz/cifar.html},
    keywords= {Dataset},
    terms= {}
}



@ARTICLE{4531741,
    author={A. Torralba and R. Fergus and W. T. Freeman},
    journal={IEEE Transactions on Pattern Analysis and Machine Intelligence},
    title={80 Million Tiny Images: A Large Data Set for Nonparametric Object and Scene Recognition},
    year={2008},
    volume={30},
    number={11},
    pages={1958-1970},
    keywords={image colour analysis;image recognition;image resolution;Internet;object detection;object recognition;nonparametric object recognition;nonparametric scene recognition;Internet;human visual system;image resolution;color images;Wordnet;nearest-neighbor methods;object classification;class-specific Viola-Jones style detectors;Layout;Image recognition;Internet;Image databases;Image sampling;Psychology;Humans;Visual system;Degradation;Image resolution;Computer vision;Object recognition;large datasets;nearest-neighbor methods;Computer vision;Object recognition;large datasets;nearest-neighbor methods;Artificial Intelligence;Database Management Systems;Databases, Factual;Documentation;Image Enhancement;Image Interpretation, Computer-Assisted;Information Storage and Retrieval;Internet;Pattern Recognition, Automated},
    doi={10.1109/TPAMI.2008.128},
    ISSN={0162-8828},
    month={Nov},
}



@inproceedings{abadi2016tensorflow,
    title={Tensorflow: a system for large-scale machine learning.},
    author={Abadi, Mart{\'\i}n and Barham, Paul and Chen, Jianmin and Chen, Zhifeng and Davis, Andy and Dean, Jeffrey and Devin, Matthieu and Ghemawat, Sanjay and Irving, Geoffrey and Isard, Michael and others},
    booktitle={OSDI},
    volume={16},
    pages={265--283},
    year={2016}
}



@misc{paszke2017pytorch,
    title={Pytorch: Tensors and dynamic neural networks in python with strong gpu acceleration},
    author={Paszke, Adam and Gross, Sam and Chintala, Soumith and Chanan, Gregory},
    year={2017}
}



@article{kingma2014adam,
    title={Adam: A method for stochastic optimization},
    author={Kingma, Diederik P and Ba, Jimmy},
    journal={arXiv preprint arXiv:1412.6980},
    year={2014}
}



@INPROCEEDINGS{8461671,
    author={Y. C. Subakan and P. Smaragdis},
    booktitle={2018 IEEE International Conference on Acoustics, Speech and Signal Processing (ICASSP)},
    title={Generative Adversarial Source Separation},
    year={2018},
    volume={},
    number={},
    pages={26-30},
    keywords={blind source separation;learning (artificial intelligence);matrix decomposition;multilayer perceptrons;probability;source separation;speech processing;NMF;output probability density;data distributions;parametric assumption;output density;speech source separation experiment;Wasserstein-GAN formulation;generative adversarial networks;GAN;generative adversarial source;nonnegative matrix factorization;generative source separation methods;variational auto-encoders;Gallium nitride;Source separation;Training;Computational modeling;Spectrogram;Generative adversarial networks;Maximum likelihood estimation;Generative Adversarial Networks;Source Separation;Generative Models},
    doi={10.1109/ICASSP.2018.8461671},
    ISSN={2379-190X},
    month={April},
}



@article{arjovsky2017wasserstein,
    title={Wasserstein gan},
    author={Arjovsky, Martin and Chintala, Soumith and Bottou, L{\'e}on},
    journal={arXiv preprint arXiv:1701.07875},
    year={2017}
}



@article{lee1999learning,
    title={Learning the parts of objects by non-negative matrix factorization},
    author={Lee, Daniel D and Seung, H Sebastian},
    journal={Nature},
    volume={401},
    number={6755},
    pages={788},
    year={1999},
    publisher={Nature Publishing Group}
}



@ARTICLE{1643671,
    author={E. Vincent and R. Gribonval and C. Fevotte},
    journal={IEEE Transactions on Audio, Speech, and Language Processing},
    title={Performance measurement in blind audio source separation},
    year={2006},
    volume={14},
    number={4},
    pages={1462-1469},
    keywords={audio signal processing;blind source separation;distortion;time-varying filters;blind audio source separation;distortions;time-invariant gains;time-varying filters;source estimation;interference;additive noise;algorithmic artifacts;Source separation;Data mining;Filters;Additive noise;Microphones;Distortion measurement;Energy measurement;Independent component analysis;Interference;Image analysis;Audio source separation;evaluation;measure;performance;quality},
    doi={10.1109/TSA.2005.858005},
    ISSN={1558-7916},
    month={July},
}



@article{lin1991divergence,
    title={Divergence measures based on the Shannon entropy},
    author={Lin, Jianhua},
    journal={IEEE Transactions on Information theory},
    volume={37},
    number={1},
    pages={145--151},
    year={1991},
    publisher={IEEE}
}



@article{OLKIN1982257,
    title = "The distance between two random vectors with given dispersion matrices",
    journal = "Linear Algebra and its Applications",
    volume = "48",
    pages = "257 - 263",
    year = "1982",
    issn = "0024-3795",
    doi = "https://doi.org/10.1016/0024-3795(82)90112-4",
    url = "http://www.sciencedirect.com/science/article/pii/0024379582901124",
    author = "I. Olkin and F. Pukelsheim",
    abstract = "For two p-dimensional random vectors X and Y with dispersion matrices Σ11 and Σ22, respectively, we determine that covariance matrix Ψ0 of X and Y that minimizes the L2-distance between X and Y. There is a dual to this problem that is of interest in another context."
}




@misc{timit,
    added-at = {2008-02-26T11:58:58.000+0100},
    author = {Garofolo, J. S. and Lamel, L. F. and Fisher, W. M. and Fiscus, J. G. and Pallett, D. S. and Dahlgren, N. L.},
    biburl = {https://www.bibsonomy.org/bibtex/2f03c554589b58a88b798d35211645b6e/schaul},
    citeulike-article-id = {2382101},
    description = {idsia},
    interhash = {2aeb4ac73650922f64feb31c9e2b35f3},
    intrahash = {f03c554589b58a88b798d35211645b6e},
    keywords = {juergen},
    priority = {2},
    publisher = {NIST},
    timestamp = {2008-02-26T11:59:12.000+0100},
    title = {DARPA TIMIT Acoustic Phonetic Continuous Speech Corpus CDROM},
    year = 1993
}



@book{han2012game,
    title={Game theory in wireless and communication networks: theory, models, and applications},
    author={Han, Zhu and Niyato, Dusit and Saad, Walid and Ba{\c{s}}ar, Tamer and Hj{\o}rungnes, Are},
    year={2012},
    publisher={Cambridge University Press}
}



@Article{Friedman1998,
    author="Friedman, Daniel",
    title="On economic applications of evolutionary game theory",
    journal="Journal of Evolutionary Economics",
    year="1998",
    month="Mar",
    day="01",
    volume="8",
    number="1",
    pages="15--43",
    abstract="Evolutionary games have considerable unrealized potential for modeling substantive economic issues. They promise richer predictions than orthodox game models but often require more extensive specifications. This paper exposits the specification of evolutionary game models and classifies the possible asymptotic behavior for one and two dimensional models.",
    issn="1432-1386",
    doi="10.1007/s001910050054",
    url="https://doi.org/10.1007/s001910050054"
}




@book{kreps1990game,
    title={Game theory and economic modelling},
    author={Kreps, David M},
    year={1990},
    publisher={Oxford University Press}
}


@book{baird1998game,
    title={Game theory and the law},
    author={Baird, Douglas G and Gertner, Robert H and Picker, Randal C},
    year={1998},
    publisher={Harvard University Press}
}



@book{gibbons1992game,
    title={Game theory for applied economists},
    author={Gibbons, Robert},
    year={1992},
    publisher={Princeton University Press}
}



@article{smith1974theory,
    title={The theory of games and the evolution of animal conflicts},
    author={Smith, J Maynard},
    journal={Journal of theoretical biology},
    volume={47},
    number={1},
    pages={209--221},
    year={1974},
    publisher={Elsevier}
}



@article{sanfey2007social,
    title={Social decision-making: insights from game theory and neuroscience},
    author={Sanfey, Alan G},
    journal={Science},
    volume={318},
    number={5850},
    pages={598--602},
    year={2007},
    publisher={American Association for the Advancement of Science}
}



@inproceedings{abraham2006distributed,
    title={Distributed computing meets game theory: robust mechanisms for rational secret sharing and multiparty computation},
    author={Abraham, Ittai and Dolev, Danny and Gonen, Rica and Halpern, Joe},
    booktitle={Proceedings of the twenty-fifth annual ACM symposium on Principles of distributed computing},
    pages={53--62},
    year={2006},
    organization={ACM}
}



@article{boll1979suppression,
    title={Suppression of acoustic noise in speech using spectral subtraction},
    author={Boll, Steven},
    journal={IEEE Transactions on acoustics, speech, and signal processing},
    volume={27},
    number={2},
    pages={113--120},
    year={1979},
    publisher={IEEE}
}



@ARTICLE{382009,
    author={D. L. Donoho},
    journal={IEEE Transactions on Information Theory},
    title={De-noising by soft-thresholding},
    year={1995},
    volume={41},
    number={3},
    pages={613-627},
    keywords={Gaussian distribution;probability;wavelet transforms;signal reconstruction;random processes;smoothing methods;interference suppression;adaptive estimation;minimax techniques;soft-thresholding;de-noising;reconstruction;unknown function;noisy data;standard Gaussian random variables;wavelet domain;empirical wavelet coefficients;estimator;probability;smoothness measures;statistical inference;optimal recovery model;Noise reduction;Wavelet domain;Wavelet coefficients;Wavelet transforms;Random variables;Minimax techniques;Adaptive estimation;Damping;Information theory;Oral communication},
    doi={10.1109/18.382009},
    ISSN={0018-9448},
    month={May},
}


@ARTICLE{1451965,
    author={B. Widrow and J. R. Glover and J. M. McCool and J. Kaunitz and C. S. Williams and R. H. Hearn and J. R. Zeidler and J. Eugene Dong and R. C. Goodlin},
    journal={Proceedings of the IEEE},
    title={Adaptive noise cancelling: Principles and applications},
    year={1975},
    volume={63},
    number={12},
    pages={1692-1716},
    keywords={Noise cancellation;Adaptive filters;Interference cancellation;Stochastic resonance;Additive noise;Signal to noise ratio;Distortion;Nonlinear filters;Bandwidth;Frequency},
    doi={10.1109/PROC.1975.10036},
    ISSN={0018-9219},
    month={Dec},
}



@ARTICLE{4766994,
    author={J. Lee},
    journal={IEEE Transactions on Pattern Analysis and Machine Intelligence},
    title={Digital Image Enhancement and Noise Filtering by Use of Local Statistics},
    year={1980},
    volume={PAMI-2},
    number={2},
    pages={165-168},
    keywords={Digital images;Digital filters;Statistics;Signal processing algorithms;Filtering algorithms;Additive noise;Image processing;Pixel;Image enhancement;Frequency domain analysis;Digital image enhancement;local statistics;noise filtering;real-time processing},
    doi={10.1109/TPAMI.1980.4766994},
    ISSN={0162-8828},
    month={March},
}



@article{belouchrani1997blind,
    title={A blind source separation technique using second-order statistics},
    author={Belouchrani, Adel and Abed-Meraim, Karim and Cardoso, J-F and Moulines, Eric},
    journal={IEEE Transactions on signal processing},
    volume={45},
    number={2},
    pages={434--444},
    year={1997},
    publisher={IEEE}
}




@article{nugraha2016multichannel,
    title={Multichannel Audio Source Separation With Deep Neural Networks.},
    author={Nugraha, Aditya Arie and Liutkus, Antoine and Vincent, Emmanuel},
    journal={IEEE/ACM Trans. Audio, Speech \& Language Processing},
    volume={24},
    number={9},
    pages={1652--1664},
    year={2016}
}



@ARTICLE{7805139,
    author={S. Gannot and E. Vincent and S. Markovich-Golan and A. Ozerov},
    journal={IEEE/ACM Transactions on Audio, Speech, and Language Processing},
    title={A Consolidated Perspective on Multimicrophone Speech Enhancement and Source Separation},
    year={2017},
    volume={25},
    number={4},
    pages={692-730},
    keywords={audio signal processing;blind source separation;microphone arrays;parameter estimation;spatial filters;speaker recognition;speech enhancement;transient response;multimicrophone speech enhancement;audio signal processing;consolidated perspective;audio signal processing;commercial applications;mobile phones;conference call systems;hands-free systems;hearing aids;noise-robust automatic speech recognition;speaker recognition;multichannel interfaces;single-channel interfaces;blind source separation;microphone array processing;acoustic impulse response model;spatial filter design criterion;parameter estimation algorithm;optional postfiltering;software resources;data resources;transverse axes;convergent paths;Microphones;Speech enhancement;Speech;Acoustics;Source separation;Arrays;Array processing;beamforming;expectation-maximization;independent component analysis;multichannel;postfiltering;sparse component analysis;wiener filter},
    doi={10.1109/TASLP.2016.2647702},
    ISSN={2329-9290},
    month={April},
}



@ARTICLE{7194774,
    author={P. Huang and M. Kim and M. Hasegawa-Johnson and P. Smaragdis},
    journal={IEEE/ACM Transactions on Audio, Speech, and Language Processing},
    title={Joint Optimization of Masks and Deep Recurrent Neural Networks for Monaural Source Separation},
    year={2015},
    volume={23},
    number={12},
    pages={2136-2147},
    keywords={learning (artificial intelligence);optimisation;recurrent neural nets;signal denoising;source separation;speech enhancement;joint mask optimization;joint deep recurrent neural network optimization;monaural source separation tasks;speech separation;singing voice separation;speech denoising;reconstruction constraint;discriminative criterion;neural network training;separation performance enhancement;SDR gain;GNSDR gain;Neural networks;Recurrent neural networks;Speech processing;Blind source separation;Deep recurrent neural network (DRNN);discriminative training;monaural source separation;time–frequency masking},
    doi={10.1109/TASLP.2015.2468583},
    ISSN={2329-9290},
    month={Dec},
}



@ARTICLE{7331633,
    author={J. Chien and P. Yang},
    journal={IEEE/ACM Transactions on Audio, Speech, and Language Processing},
    title={Bayesian Factorization and Learning for Monaural Source Separation},
    year={2016},
    volume={24},
    number={1},
    pages={185-195},
    keywords={Bayes methods;inference mechanisms;learning (artificial intelligence);matrix decomposition;pattern clustering;Poisson distribution;source separation;variational techniques;global normalized source to distortion ratio;signal-to-distortion ratio;BNMF;singing voice separation;speech separation;music separation;unsupervised source separation;clustering algorithm;closed-form solution;variational objective;log marginal likelihood;exponential prior parameters;heterogeneous environments;variational Bayesian inference procedure;weight matrices;Poisson distribution;reconstruction error;monaural source separation;Bayesian learning;Bayesian nonnegative matrix factorization;Source separation;Bayes methods;Maximum likelihood estimation;Speech;Spectrogram;Standards;Robustness;Bayesian learning;model complexity;monaural source separation;nonnegative matrix factorization},
    doi={10.1109/TASLP.2015.2502141},
    ISSN={2329-9290},
    month={Jan},
}



@ARTICLE{180705,
    author={D. R. Hush and B. G. Horne},
    journal={IEEE Signal Processing Magazine},
    title={Progress in supervised neural networks},
    year={1993},
    volume={10},
    number={1},
    pages={8-39},
    keywords={learning (artificial intelligence);neural nets;reviews;neural network models;static networks;dynamic networks;memory;feedforward dynamics;output feedback;state feedback;supervised learning;Intelligent networks;Neural networks;Nonhomogeneous media;Predictive models;Difference equations;State feedback;Computer networks;Trajectory;Differential equations;Output feedback},
    doi={10.1109/79.180705},
    ISSN={1053-5888},
    month={Jan},
}



@ARTICLE{1254021,
    author={P. Comon},
    journal={IEEE Transactions on Signal Processing},
    title={Blind identification and source separation in 2/spl times/3 under-determined mixtures},
    year={2004},
    volume={52},
    number={1},
    pages={11-22},
    keywords={identification;higher order statistics;blind source separation;array signal processing;antenna arrays;antenna theory;blind identification;antenna array processing;tensor canonical decomposition;discrete source distribution;2D mixtures;high-order statistics;source separation;source extraction;under determined mixture;Source separation;Tensile stress;Vectors;Signal processing algorithms;Terminology;Array signal processing;Sensor arrays;Sensor phenomena and characterization;Two dimensional displays;Statistical distributions},
    doi={10.1109/TSP.2003.820073},
    ISSN={1053-587X},
    month={Jan},
}



@INPROCEEDINGS{7178348,
    author={S. Uhlich and F. Giron and Y. Mitsufuji},
    booktitle={2015 IEEE International Conference on Acoustics, Speech and Signal Processing (ICASSP)},
    title={Deep neural network based instrument extraction from music},
    year={2015},
    volume={},
    number={},
    pages={2135-2139},
    keywords={least squares approximations;musical acoustics;musical instruments;neural nets;deep neural network based instrument extraction;music;solo instrument performance;rectified linear units;output layer;least square initialization;traditional random initialization;Instruments;Multiple signal classification;Training;Mel frequency cepstral coefficient;MATLAB;RNA;Deep neural network (DNN);Instrument extraction;Blind source separation (BSS)},
    doi={10.1109/ICASSP.2015.7178348},
    ISSN={1520-6149},
    month={April},
}




@INPROCEEDINGS{6245800,
    author={H. Li and X. Zhang},
    booktitle={2012 International Conference on Computing, Measurement, Control and Sensor Network},
    title={Blind Separation of Noisy Mixed Speech Based on Independent Component Analysis and Neural Network},
    year={2012},
    volume={},
    number={},
    pages={105-108},
    keywords={blind source separation;independent component analysis;learning (artificial intelligence);neural nets;signal denoising;speech processing;white noise;noisy mixed speech;independent component analysis;blind source separation problem;unsupervised neural learning;noisy multiple channels;neural network model;denoise capability;speech corrupter;white noise;signal-noise ratio;separation speech;Noise measurement;Noise;Signal processing algorithms;Speech;Neural networks;Covariance matrix;Blind source separation;Independent component analysis;Neural network;Blind source separation},
    doi={10.1109/CMCSN.2012.27},
    ISSN={},
    month={July},
}




@inproceedings{herault1985detection,
    title={D{\'e}tection de grandeurs primitives dans un message composite par une architecture de calcul neuromim{\'e}tique en apprentissage non supervis{\'e}},
    author={H{\'e}rault, Jeanny and Jutten, Christian and Ans, Bernard},
    booktitle={10 Colloque sur le traitement du signal et des images, FRA, 1985},
    year={1985},
    organization={GRETSI, Groupe d’Etudes du Traitement du Signal et des Images}
}





@inproceedings{nair2010rectified,
    title={Rectified linear units improve restricted boltzmann machines},
    author={Nair, Vinod and Hinton, Geoffrey E},
    booktitle={Proceedings of the 27th international conference on machine learning (ICML-10)},
    pages={807--814},
    year={2010}
}




@article{doi:10.1063/1.36258,
    author = {Herault,J.  and Jutten,C. },
    title = {Space or time adaptive signal processing by neural network models},
    journal = {AIP Conference Proceedings},
    volume = {151},
    number = {1},
    pages = {206-211},
    year = {1986},
    doi = {10.1063/1.36258},
    URL = {https://aip.scitation.org/doi/abs/10.1063/1.36258},
    eprint = {https://aip.scitation.org/doi/pdf/10.1063/1.36258}
}




@inproceedings{cardoso1989source,
  title={Source separation using higher order moments},
  author={Cardoso, J-F},
  booktitle={International Conference on Acoustics, Speech, and Signal Processing,},
  pages={2109--2112},
  year={1989},
  organization={IEEE}
}




@book{hyvarinen2004independent,
    title={Independent Component Analysis},
    author={Hyv{\"a}rinen, A. and Karhunen, J. and Oja, E.},
    isbn={9780471464198},
    series={Adaptive and Cognitive Dynamic Systems: Signal Processing, Learning, Communications and Control},
    url={https://books.google.com.br/books?id=96D0ypDwAkkC},
    year={2004},
    publisher={Wiley}
}




@ARTICLE{18626,
    author={L. R. Rabiner},
    journal={Proceedings of the IEEE},
    title={A tutorial on hidden Markov models and selected applications in speech recognition},
    year={1989},
    volume={77},
    number={2},
    pages={257-286},
    keywords={Markov processes;speech recognition;ergodic models;hidden Markov models;speech recognition;discrete Markov chains;hidden states;probabilistic function;coin-tossing;balls-in-urns system;left-right models;Tutorial;Hidden Markov models;Speech recognition},
    doi={10.1109/5.18626},
    ISSN={0018-9219},
    month={Feb},
}




@article{doi:10.1080/14786440109462720,
    author = {Karl Pearson},
    title = {LIII. On lines and planes of closest fit to systems of points in space},
    journal = {The London, Edinburgh, and Dublin Philosophical Magazine and Journal of Science},
    volume = {2},
    number = {11},
    pages = {559-572},
    year  = {1901},
    publisher = {Taylor \& Francis},
    doi = {10.1080/14786440109462720},
    URL = {https://doi.org/10.1080/14786440109462720},
    eprint = {https://doi.org/10.1080/14786440109462720}
}



@article{vincent1953orgin,
    title={The orgin and development of factor analysis},
    author={Vincent, Douglas F},
    journal={Applied statistics},
    pages={107--117},
    year={1953},
    publisher={JSTOR}
}



@article{c63851e778034799a99dcc4d187768d0,
    title = "Structural Equation Modeling in Practice: A Review and Recommended Two-Step Approach",
    author = "James Anderson and Gerbing, {David W.}",
    year = "1988",
    month = "1",
    day = "1",
    doi = "10.1037/0033-2909.103.3.411",
    language = "English (US)",
    volume = "103",
    pages = "411--423",
    journal = "Psychological Bulletin",
    issn = "0033-2909",
    publisher = "American Psychological Association Inc.",
    number = "3",
}



@article{dempster1977maximum,
    title={Maximum likelihood from incomplete data via the EM algorithm},
    author={Dempster, Arthur P and Laird, Nan M and Rubin, Donald B},
    journal={Journal of the royal statistical society. Series B (methodological)},
    pages={1--38},
    year={1977},
    publisher={JSTOR}
}




@article{doi:10.1177/001316446002000116,
    author = {Henry F. Kaiser},
    title ={The Application of Electronic Computers to Factor Analysis},
    journal = {Educational and Psychological Measurement},
    volume = {20},
    number = {1},
    pages = {141-151},
    year = {1960},
    doi = {10.1177/001316446002000116},
    URL = {https://doi.org/10.1177/001316446002000116},
    eprint = {https://doi.org/10.1177/001316446002000116}
}




@article{ra1922mathematical,
    title={On the mathematical foundations of theoretical statistics},
    author={R.A. Fisher},
    journal={Phil. Trans. R. Soc. Lond. A},
    volume={222},
    number={594-604},
    pages={309--368},
    year={1922},
    publisher={The Royal Society}
}



@article{aldrich1997ra,
    title={RA Fisher and the making of maximum likelihood 1912-1922},
    author={Aldrich, John and others},
    journal={Statistical science},
    volume={12},
    number={3},
    pages={162--176},
    year={1997},
    publisher={Institute of Mathematical Statistics}
}



@book{schrodinger1944life,
  title={What Is Life? the physical aspect of the living cell and mind},
  author={Schr{\"o}dinger, Erwin},
  year={1944},
  publisher={Cambridge University Press, Cambridge}
}




@article{brillouin1953negentropy,
    title={The negentropy principle of information},
    author={Brillouin, Leon},
    journal={Journal of Applied Physics},
    volume={24},
    number={9},
    pages={1152--1163},
    year={1953},
    publisher={AIP}
}




@article{mahulikar2009exact,
    title={Exact thermodynamic principles for dynamic order existence and evolution in chaos},
    author={Mahulikar, Shripad P and Herwig, Heinz},
    journal={Chaos, Solitons \& Fractals},
    volume={41},
    number={4},
    pages={1939--1948},
    year={2009},
    publisher={Elsevier}
}



@article{COMON1994287,
    title = "Independent component analysis, A new concept?",
    journal = "Signal Processing",
    volume = "36",
    number = "3",
    pages = "287 - 314",
    year = "1994",
    note = "Higher Order Statistics",
    issn = "0165-1684",
    doi = "https://doi.org/10.1016/0165-1684(94)90029-9",
    url = "http://www.sciencedirect.com/science/article/pii/0165168494900299",
    author = "Pierre Comon",
}



@book{papoulis1984probability,
    title={Probability, Random Variables, and Stochastic Processes},
    author={Papoulis, A.},
    isbn={9780070484689},
    lccn={83014927},
    series={McGraw-Hill Series in Electrical Engineering},
    url={https://books.google.com.br/books?id=3NRQAAAAMAAJ},
    year={1984},
    publisher={McGraw-Hill}
}



@book{kagan1973characterization,
    title={Characterization problems in mathematical statistics},
    author={Kagan, A.M. and Linnik, I.U.V. and Rao, C.R.},
    isbn={9780471454212},
    lccn={73009643},
    series={Wiley series in probability and mathematical statistics},
    url={https://books.google.com.br/books?id=kQqoAAAAIAAJ},
    year={1973},
    publisher={Wiley}
}




@book{romano2010unsupervised,
    title={Unsupervised Signal Processing: Channel Equalization and Source Separation},
    author={Romano, J.M.T. and Attux, R. and Cavalcante, C.C. and Suyama, R.},
    isbn={9781420019469},
    url={https://books.google.com.br/books?id=bimBH2czOZ0C},
    year={2010},
    publisher={CRC Press}
}




@article{koivunen1999feasibility,
    title={The feasibility of data whitening to improve performance of weather radar},
    author={Koivunen, AC and Kostinski, AB},
    journal={Journal of Applied Meteorology},
    volume={38},
    number={6},
    pages={741--749},
    year={1999}
}



@article{BELL19973327,
    title = "The “independent components” of natural scenes are edge filters",
    journal = "Vision Research",
    volume = "37",
    number = "23",
    pages = "3327 - 3338",
    year = "1997",
    issn = "0042-6989",
    doi = "https://doi.org/10.1016/S0042-6989(97)00121-1",
    url = "http://www.sciencedirect.com/science/article/pii/S0042698997001211",
    author = "Anthony J. Bell and Terrence J. Sejnowski",
    keywords = "Information theory, Independent components, Neural network learning",
}



@misc{zafeiriou2015notes,
    title = "Notes on Implementation of Component Analysis Techniques",
    author = "Stefanos Zafeiriou",
    year = "2015",
    url = "https://ibug.doc.ic.ac.uk/media/uploads/documents/notes_implementation_component_analysis.pdf"
}



@phdthesis{suyama2007proposta,
    title={Proposta de metodos de separa{\c{c}}{\~a}o cega de fontes para misturas convolutivas e n{\~a}o-lineares},
    author={Suyama, Ricardo},
    school={Universidade Estadual de Campinas, Faculdade de Engenharia Elétrica e de Computação},
    year={2007},
}



@article{theis2003linear,
    title={Linear geometric ICA: Fundamentals and algorithms},
    author={Theis, Fabian J and Jung, Andreas and Puntonet, Carlos G and Lang, Elmar W},
    journal={Neural computation},
    volume={15},
    number={2},
    pages={419--439},
    year={2003},
    publisher={MIT Press}
}



@inproceedings{gribonval2006survey,
    title={A survey of sparse component analysis for blind source separation: principles, perspectives, and new challenges},
    author={Gribonval, R{\'e}mi and Lesage, Sylvain},
    booktitle={ESANN'06 proceedings-14th European Symposium on Artificial Neural Networks},
    pages={323--330},
    year={2006},
    organization={d-side publi.}
}



@article{DELFOSSE199559,
    title = "Adaptive blind separation of independent sources: A deflation approach",
    journal = "Signal Processing",
    volume = "45",
    number = "1",
    pages = "59 - 83",
    year = "1995",
    issn = "0165-1684",
    doi = "https://doi.org/10.1016/0165-1684(95)00042-C",
    url = "http://www.sciencedirect.com/science/article/pii/016516849500042C",
    author = "Nathalie Delfosse and Philippe Loubaton",
}



@INPROCEEDINGS{5967775,
    author={L. T. {Duarte} and R. {Suyama} and R. {Attux} and J. M. T. {Romano} and C. {Jutten}},
    booktitle={2011 IEEE Statistical Signal Processing Workshop (SSP)},
    title={Blind extraction of sparse components based on ℓ0-norm minimization},
    year={2011},
    volume={},
    number={},
    pages={617-620},
    keywords={approximation theory;blind source separation;sparse components;ℓ0-norm minimization;blind source extraction;BSE;approximation;Neodymium;Approximation methods;Cost function;Independent component analysis;Noise;Source separation;Correlation;Blind source extraction;sparse components;ℓ0-norm},
    doi={10.1109/SSP.2011.5967775},
    ISSN={2373-0803},
    month={June},
}



@article{Bell:1995:IAB:211676.211677,
    author = {Bell, Anthony J. and Sejnowski, Terrence J.},
    title = {An Information-maximization Approach to Blind Separation and Blind Deconvolution},
    journal = {Neural Comput.},
    issue_date = {Nov. 1995},
    volume = {7},
    number = {6},
    month = nov,
    year = {1995},
    issn = {0899-7667},
    pages = {1129--1159},
    numpages = {31},
    url = {http://dx.doi.org/10.1162/neco.1995.7.6.1129},
    doi = {10.1162/neco.1995.7.6.1129},
    acmid = {211677},
    publisher = {MIT Press},
    address = {Cambridge, MA, USA},
}



@phdthesis{nose2015desconvoluccao,
    title={Desconvolu{\c{c}}{\~a}o e separa{\c{c}}{\~a}o cega de sinais esparsos e aplica{\c{c}}{\~o}es em s{\'\i}smica de reflex{\~a}o},
    author={Nose-Filho, Kenji and others},
    year={2015},
    school={Universidade Estadual de Campinas, Faculdade de Engenharia Elétrica e de Computação}
}




@inproceedings{levin2009understanding,
    title={Understanding and evaluating blind deconvolution algorithms},
    author={Levin, Anat and Weiss, Yair and Durand, Fredo and Freeman, William T},
    booktitle={2009 IEEE Conference on Computer Vision and Pattern Recognition},
    pages={1964--1971},
    year={2009},
    organization={IEEE}
}



@ARTICLE{1451730,
    author={T. G. {Stockham} and T. M. {Cannon} and R. B. {Ingebretsen}},
    journal={Proceedings of the IEEE},
    title={Blind deconvolution through digital signal processing},
    year={1975},
    volume={63},
    number={4},
    pages={678-692},
    keywords={Deconvolution;Digital signal processing;Convolution;Signal processing;Degradation;Cities and towns;Image restoration;Signal restoration;Acoustic testing;Acoustic noise},
    doi={10.1109/PROC.1975.9800},
    ISSN={0018-9219},
    month={April},
}



@ARTICLE{661479,
    author={O. {Kirkeby} and P. A. {Nelson} and H. {Hamada} and F. {Orduna-Bustamante}},
    journal={IEEE Transactions on Speech and Audio Processing},
    title={Fast deconvolution of multichannel systems using regularization},
    year={1998},
    volume={6},
    number={2},
    pages={189-194},
    keywords={FIR filters;deconvolution;fast Fourier transforms;sound reproduction;acoustic filters;loudspeakers;acoustic field;multichannel systems;regularization;fast deconvolution method;fast Fourier transform;FFT;multichannel plant;control sources;error sensors;causal finite impulse response filter matrix;discrete frequencies;multichannel sound reproduction;sound field;loudspeakers;Deconvolution;Loudspeakers;Digital filters;Control systems;Microphones;Fast Fourier transforms;Error correction;Sensor systems;Finite impulse response filter;Frequency},
    doi={10.1109/89.661479},
    ISSN={1063-6676},
    month={March},
}



@INPROCEEDINGS{7077344,
    author={İ. {Özçelik}},
    booktitle={2009 17th European Signal Processing Conference},
    title={Blind deconvolution of music signals using Higher Order Statistics},
    year={2009},
    volume={},
    number={},
    pages={1572-1576},
    keywords={audio recording;audio signal processing;deconvolution;higher order statistics;music;reverberation;blind deconvolution;music signal;higher order statistics;music recording;nonGaussian statistics;nonzero skewness;third-order statistics;room impulse response;system identification method;reverberation removal;Deconvolution;Higher order statistics;Abstracts;Convolution;Tutorials;Multiple signal classification;Estimation},
    doi={},
    ISSN={},
    month={Aug},
}



@ARTICLE{1240101,
    author={J. {Portilla} and V. {Strela} and M. J. {Wainwright} and E. P. {Simoncelli}},
    journal={IEEE Transactions on Image Processing},
    title={Image denoising using scale mixtures of Gaussians in the wavelet domain},
    year={2003},
    volume={12},
    number={11},
    pages={1338-1351},
    keywords={image denoising;wavelet transforms;statistical analysis;Bayes methods;least squares approximations;parameter estimation;AWGN;image restoration;hidden Markov models;image denoising;Gaussian scale mixtures;wavelet domain;overcomplete multiscale oriented basis;Gaussian vector;hidden scalar multiplier;hidden positive scalar multiplier;Bayesian least squares estimate;additive white Gaussian noise;mean squared error;image restoration;hidden Markov model;Image denoising;Gaussian processes;Wavelet domain;Hidden Markov models;Gaussian noise;Humans;Computer science;Digital images;Random variables;Amplitude modulation},
    doi={10.1109/TIP.2003.818640},
    ISSN={1057-7149},
    month={Nov},
}



@ARTICLE{4490115,
    author={G. {Yu} and S. {Mallat} and E. {Bacry}},
    journal={IEEE Transactions on Signal Processing},
    title={Audio Denoising by Time-Frequency Block Thresholding},
    year={2008},
    volume={56},
    number={5},
    pages={1830-1839},
    keywords={audio signal processing;numerical analysis;signal denoising;time-frequency analysis;audio denoising;time-frequency block thresholding;audio signals;nondiagonal processing;time-frequency coefficients;musical noise;spectrogram coefficient parameterized filtering;block thresholding estimation;Stein estimation;Noise reduction;Time frequency analysis;Signal processing;Fourier transforms;Background noise;Recursive estimation;Wavelet packets;Wavelet transforms;Filtering algorithms;Spectrogram;Audio denoising;block thresholding;Ephraim and Malah;power spectrum;power subtraction;thresholding},
    doi={10.1109/TSP.2007.912893},
    ISSN={1053-587X},
    month={May},
}



@ARTICLE{4374123,
    author={C. {Fevotte} and B. {Torresani} and L. {Daudet} and S. J. {Godsill}},
    journal={IEEE Transactions on Audio, Speech, and Language Processing},
    title={Sparse Linear Regression With Structured Priors and Application to Denoising of Musical Audio},
    year={2008},
    volume={16},
    number={1},
    pages={174-185},
    keywords={acoustic signal processing;Bayes methods;discrete cosine transforms;Markov processes;Monte Carlo methods;music;musical acoustics;regression analysis;signal denoising;signal sampling;sparse linear regression;structured priors;musical audio denoising;noisy signal decomposition;modified discrete cosine transform;MDCT basis;Bayesian setting;Markov chains;Gibbs sampler;Markov chain Monte Carlo;MCMC sampling technique;Linear regression;Noise reduction;Signal resolution;Frequency;Discrete cosine transforms;Monte Carlo methods;Sampling methods;Signal analysis;Fast Fourier transforms;Bayesian methods;Bayesian variable selection;denoising;Markov chain Monte Carlo (MCMC) methods;nonlinear signal approximation;sparse component analysis;sparse regression;sparse representations},
    doi={10.1109/TASL.2007.909290},
    ISSN={1558-7916},
    month={Jan},
}




@ARTICLE{1163209,
    author={S. {Boll}},
    journal={IEEE Transactions on Acoustics, Speech, and Signal Processing},
    title={Suppression of acoustic noise in speech using spectral subtraction},
    year={1979},
    volume={27},
    number={2},
    pages={113-120},
    keywords={Acoustic noise;Speech enhancement;Working environment noise;Noise reduction;Speech processing;Speech analysis;Convolution;Narrowband;Speech recognition;Authentication},
    doi={10.1109/TASSP.1979.1163209},
    ISSN={0096-3518},
    month={April},
}



@book{watkinson2001art,
    title={The Art of Digital Audio},
    author={Watkinson, J.},
    isbn={9780240515878},
    lccn={93033683},
    url={https://books.google.com.br/books?id=eVpITJfPxMEC},
    year={2001},
    publisher={Focal Press}
}



@ARTICLE{6334422,
    author={J. {Le Roux} and E. {Vincent}},
    journal={IEEE Signal Processing Letters},
    title={Consistent Wiener Filtering for Audio Source Separation},
    year={2013},
    volume={20},
    number={3},
    pages={217-220},
    keywords={audio signal processing;Fourier transforms;gradient methods;signal denoising;source separation;time-frequency analysis;Wiener filters;Wiener filtering;signal processing;signal denoising;ubiquitous tools;signal source separation;time-frequency domain;short-time Fourier transform coefficients;STFT coefficients;conjugate gradient algorithms;Time frequency analysis;Source separation;Signal processing algorithms;Context;Spectrogram;Time domain analysis;Fourier transforms;Conjugate gradient;short-time Fourier transform;source separation;spectrogram consistency;Wiener filtering},
    doi={10.1109/LSP.2012.2225617},
    ISSN={1070-9908},
    month={March},
}



@ARTICLE{4760240,
    author={Y. {Kopsinis} and S. {McLaughlin}},
    journal={IEEE Transactions on Signal Processing},
    title={Development of EMD-Based Denoising Methods Inspired by Wavelet Thresholding},
    year={2009},
    volume={57},
    number={4},
    pages={1351-1362},
    keywords={signal denoising;wavelet transforms;empirical mode decomposition;wavelet thresholding principle;nonparametric signal denoising;Noise reduction;Signal denoising;Signal analysis;Frequency modulation;Algorithm design and analysis;Amplitude modulation;Wavelet analysis;Performance analysis;Iterative methods;Empirical mode decomposition (EMD);signal denoising;wavelet thresholding},
    doi={10.1109/TSP.2009.2013885},
    ISSN={1053-587X},
    month={April},
}



@ARTICLE{1221775,
    author={A. {Achim} and P. {Tsakalides} and A. {Bezerianos}},
    journal={IEEE Transactions on Geoscience and Remote Sensing},
    title={SAR image denoising via Bayesian wavelet shrinkage based on heavy-tailed modeling},
    year={2003},
    volume={41},
    number={8},
    pages={1773-1784},
    keywords={geophysical techniques;geophysical signal processing;terrain mapping;remote sensing by radar;synthetic aperture radar;radar imaging;Bayes methods;wavelet transforms;speckle;geophysical measurement technique;land surface;terrain mapping;radar remote sensing;synthetic aperture radar;SAR imaging;denoising;signal processing;Bayes method;multiplicative speckle noise;algorithm;wavelet analysis;subband decompositions;maximum a posteriori;estimator;SAR imagery;MAP estimator;wavelet shrinkage;heavy tailed modeling;Image denoising;Bayesian methods;Speckle;Synthetic aperture radar;Radar scattering;Wavelet analysis;Image analysis;Image texture analysis;Information analysis;Algorithm design and analysis},
    doi={10.1109/TGRS.2003.813488},
    ISSN={0196-2892},
    month={Aug},
}



@ARTICLE{4154791,
    author={A. {Foi} and V. {Katkovnik} and K. {Egiazarian}},
    journal={IEEE Transactions on Image Processing},
    title={Pointwise Shape-Adaptive DCT for High-Quality Denoising and Deblocking of Grayscale and Color Images},
    year={2007},
    volume={16},
    number={5},
    pages={1395-1411},
    keywords={computational complexity;decorrelation;discrete cosine transforms;filtering theory;image colour analysis;image denoising;image reconstruction;matrix algebra;polynomial approximation;pointwise shape-adaptive DCT;high-quality image denoising;image deblocking;grayscale image;color image;shape-adaptive discrete cosine transform;computational complexity;near-optimal decorrelation;energy compaction properties;image filtering;anisotropic local polynomial approximation;confidence interval intersection technique;image deringing;block-DCT compression;luminance-chrominance space;Discrete cosine transforms;Noise reduction;Gray-scale;Color;Shape;Filtering;Image reconstruction;Discrete transforms;Computational complexity;Decorrelation;Anisotropic;deblocking;denoising;deringing;discrete cosine transform (DCT);shape adaptive;Algorithms;Artifacts;Artificial Intelligence;Color;Colorimetry;Computer Graphics;Fourier Analysis;Image Enhancement;Image Interpretation, Computer-Assisted;Information Storage and Retrieval;Numerical Analysis, Computer-Assisted;Signal Processing, Computer-Assisted},
    doi={10.1109/TIP.2007.891788},
    ISSN={1057-7149},
    month={May},
}



@ARTICLE{5196737,
    author={C. {Deledalle} and L. {Denis} and F. {Tupin}},
    journal={IEEE Transactions on Image Processing},
    title={Iterative Weighted Maximum Likelihood Denoising With Probabilistic Patch-Based Weights},
    year={2009},
    volume={18},
    number={12},
    pages={2661-2672},
    keywords={filtering theory;Gaussian noise;image denoising;iterative methods;maximum likelihood estimation;radar imaging;statistical distributions;synthetic aperture radar;probabilistic patch-based weight;image denoising;image processing;known uncorrelated noise model;nonlocal means filter algorithm;Euclidean distance;statistically grounded pixel similarity criterion;noise distribution model;iterative weighted maximum likelihood estimation;synthetic aperture radar;SAR image;additive Gaussian noise;multiplicative speckle noise;Noise reduction;Maximum likelihood estimation;Image denoising;Additive noise;Gaussian noise;Image processing;Filters;Euclidean distance;Signal to noise ratio;Synthetic aperture radar;Image denoising;nonlocal means (NL means);patch-based methods;synthetic aperture radar (SAR);weighted maximum likelihood estimation (WMLE)},
    doi={10.1109/TIP.2009.2029593},
    ISSN={1057-7149},
    month={Dec},
}



@ARTICLE{1041032,
    author={L. {Sendur} and I. W. {Selesnick}},
    journal={IEEE Transactions on Signal Processing},
    title={Bivariate shrinkage functions for wavelet-based denoising exploiting interscale dependency},
    year={2002},
    volume={50},
    number={11},
    pages={2744-2756},
    keywords={wavelet transforms;image processing;noise;nonlinear functions;Bayes methods;estimation theory;hidden Markov models;bivariate shrinkage functions;interscale dependency;nonlinear thresholding rules;wavelet-based denoising;wavelet coefficients;nonGaussian bivariate distributions;nonlinear threshold functions;Bayesian estimation theory;image processing;image denoising;bivariate shrinkage rules;subband-dependent image denoising system;VisuShrink;SureShrink;BayesShrink;hidden Markov models;dual-tree complex wavelet coefficients;HMM;Noise reduction;Wavelet coefficients;Wavelet transforms;Image denoising;Bayesian methods;Hidden Markov models;Signal processing algorithms;Probability distribution;Estimation theory;Image coding},
    doi={10.1109/TSP.2002.804091},
    ISSN={1053-587X},
    month={Nov},
}



@ARTICLE{668544,
    author={M. S. {Crouse} and R. D. {Nowak} and R. G. {Baraniuk}},
    journal={IEEE Transactions on Signal Processing},
    title={Wavelet-based statistical signal processing using hidden Markov models},
    year={1998},
    volume={46},
    number={4},
    pages={886-902},
    keywords={wavelet transforms;signal processing;statistical analysis;hidden Markov models;probability;maximum likelihood detection;white noise;Gaussian noise;wavelet-based statistical signal processing;hidden Markov models;denoising;signal detection;wavelet coefficients;white Gaussian noise;wavelet-domain HMM;statistical dependencies;nonGaussian statistics;real-world signals;wavelet transform;probabilistic signal models;expectation maximization algorithms;observational signal data;signal estimation;signal classification;signal prediction;signal synthesis;signal denoising;Signal processing;Hidden Markov models;Signal processing algorithms;Noise reduction;Wavelet coefficients;Statistics;Signal design;Wavelet transforms;Estimation;Signal synthesis},
    doi={10.1109/78.668544},
    ISSN={1053-587X},
    month={April},
}



@ARTICLE{1014998,
    author={ and E. J. {Candes} and D. L. {Donoho}},
    journal={IEEE Transactions on Image Processing},
    title={The curvelet transform for image denoising},
    year={2002},
    volume={11},
    number={6},
    pages={670-684},
    keywords={Fourier transforms;wavelet transforms;image reconstruction;white noise;channel bank filters;filtering theory;Radon transforms;interpolation;curvelet transform;image denoising;approximate digital implementations;ridgelet transform;exact reconstruction;stability;low computational complexity;Fourier-domain;approximate digital Radon transform;interpolation;Fourier space;Cartesian samples;rectopolar grid;pseudo-polar sampling set;concentric squares geometry;visual performance;overcomplete wavelet pyramid;frequency domain;filter bank;trous wavelet filters;white noise;curvelet coefficients;undecimated wavelet transforms;decimated wavelet transforms;tree-based Bayesian posterior mean methods;wavelet-based image reconstruction;Image denoising;Wavelet transforms;Image reconstruction;Interpolation;Wavelet domain;Filter bank;Stability;Computational complexity;Fourier transforms;Sampling methods},
    doi={10.1109/TIP.2002.1014998},
    ISSN={1057-7149},
    month={June},
}



@ARTICLE{5482045,
    author={S. K. {Jha} and R. D. S. {Yadava}},
    journal={IEEE Sensors Journal},
    title={Denoising by Singular Value Decomposition and Its Application to Electronic Nose Data Processing},
    year={2011},
    volume={11},
    number={1},
    pages={35-44},
    keywords={electronic noses;feature extraction;principal component analysis;sensor arrays;singular value decomposition;surface acoustic wave sensors;singular value decomposition;electronic nose data processing;sensor array data;raw data matrix;feature extraction;principal component analysis;surface acoustic wave sensors;composite polymer sensors;tin-oxide sensors arrays;Noise reduction;Singular value decomposition;Electronic noses;Data processing;Sensor arrays;Matrix decomposition;Acoustic sensors;Sensor systems;Data analysis;Surface acoustic waves;Denoising;electronic nose data processing;odor classification;singular value decomposition (SVD)},
    doi={10.1109/JSEN.2010.2049351},
    ISSN={1530-437X},
    month={Jan},
}



@ARTICLE{4490115,
    author={G. {Yu} and S. {Mallat} and E. {Bacry}},
    journal={IEEE Transactions on Signal Processing},
    title={Audio Denoising by Time-Frequency Block Thresholding},
    year={2008},
    volume={56},
    number={5},
    pages={1830-1839},
    keywords={audio signal processing;numerical analysis;signal denoising;time-frequency analysis;audio denoising;time-frequency block thresholding;audio signals;nondiagonal processing;time-frequency coefficients;musical noise;spectrogram coefficient parameterized filtering;block thresholding estimation;Stein estimation;Noise reduction;Time frequency analysis;Signal processing;Fourier transforms;Background noise;Recursive estimation;Wavelet packets;Wavelet transforms;Filtering algorithms;Spectrogram;Audio denoising;block thresholding;Ephraim and Malah;power spectrum;power subtraction;thresholding},
    doi={10.1109/TSP.2007.912893},
    ISSN={1053-587X},
    month={May},
}



@INBOOK{6284754,
    author={N. {Wiener}},
    booktitle={Extrapolation, Interpolation, and Smoothing of Stationary Time Series: With Engineering Applications},
    title={The Wiener RMS (Root Mean Square) Error Criterion in Filter Design and Prediction},
    year={1949},
    volume={},
    number={},
    pages={},
    keywords={},
    doi={},
    ISSN={},
    publisher={MITP},
    isbn={9780262257190},
    url={https://ieeexplore.ieee.org/document/6284754},
}



@ARTICLE{1643650,
    title={New insights into the noise reduction Wiener filter},
    author={Chen, Jingdong and Benesty, Jacob and Huang, Yiteng and Doclo, Simon},
    journal={IEEE Transactions on audio, speech, and language processing},
    volume={14},
    number={4},
    pages={1218--1234},
    year={2006},
    publisher={IEEE}
}



@article{SPRIET20042367,
    title = "Spatially pre-processed speech distortion weighted multi-channel Wiener filtering for noise reduction",
    journal = "Signal Processing",
    volume = "84",
    number = "12",
    pages = "2367 - 2387",
    year = "2004",
    issn = "0165-1684",
    doi = "https://doi.org/10.1016/j.sigpro.2004.07.028",
    url = "http://www.sciencedirect.com/science/article/pii/S0165168404002002",
    author = "A. Spriet and M. Moonen and J. Wouters",
    keywords = "Multi-microphone noise reduction, Speech enhancement, Robust adaptive beamforming, Multi-channel Wiener filter, Generalized sidelobe canceller",
}



@article{kalman1960new,
    title={A new approach to linear filtering and prediction problems},
    author={Kalman, Rudolph Emil},
    journal={Journal of basic Engineering},
    volume={82},
    number={1},
    pages={35--45},
    year={1960},
    publisher={American Society of Mechanical Engineers}
}



@ARTICLE{701367,
    author={S. {Gannot} and D. {Burshtein} and E. {Weinstein}},
    journal={IEEE Transactions on Speech and Audio Processing},
    title={Iterative and sequential Kalman filter-based speech enhancement algorithms},
    year={1998},
    volume={6},
    number={4},
    pages={373-385},
    keywords={speech enhancement;parameter estimation;iterative methods;Kalman filters;spectral analysis;acoustic noise;iterative Kalman filter-based speech enhancement algorithm;sequential Kalman filter-based speech enhancement algorithm;speech quality;intelligibility;background noise;speech signal;speech coders;automatic speech recognition;estimate-maximize method;spectral parameters;noise parameters;parameter estimation;gradient descent algorithm;Kalman filters;Speech enhancement;Iterative algorithms;Background noise;Automatic speech recognition;Parameter estimation;Equations;Speech processing;Wiener filter;Maximum likelihood estimation},
    doi={10.1109/89.701367},
    ISSN={1063-6676},
    month={July},
}



@INPROCEEDINGS{1169756,
    author={K. {Paliwal} and A. {Basu}},
    booktitle={ICASSP '87. IEEE International Conference on Acoustics, Speech, and Signal Processing},
    title={A speech enhancement method based on Kalman filtering},
    year={1987},
    volume={12},
    number={},
    pages={177-180},
    keywords={Speech enhancement;Kalman filters;Wiener filter;Filtering;Speech processing;Equations;Signal processing;White noise;Delay;State estimation},
    doi={10.1109/ICASSP.1987.1169756},
    ISSN={},
    month={April},
}



@ARTICLE{91144,
    author={J. D. {Gibson} and B. {Koo} and S. D. {Gray}},
    journal={IEEE Transactions on Signal Processing},
    title={Filtering of colored noise for speech enhancement and coding},
    year={1991},
    volume={39},
    number={8},
    pages={1732-1742},
    keywords={encoding;filtering and prediction theory;Kalman filters;random noise;speech analysis and processing;speech intelligibility;speech intelligibility;vector algorithms;scalar algorithms;iterative signal estimator;speech coding;speech enhancement;Kalman filters;additive white noise;colored noise;parameter estimator;signal-to-noise ratio;speech quality;linear predictive coding;Filtering;Colored noise;Speech enhancement;Acoustic noise;Additive white noise;Signal to noise ratio;Wiener filter;Speech coding;Parameter estimation;Helicopters},
    doi={10.1109/78.91144},
    ISSN={1053-587X},
    month={Aug},
}



@ARTICLE{119727,
    author={S. {Mallat} and W. L. {Hwang}},
    journal={IEEE Transactions on Information Theory},
    title={Singularity detection and processing with wavelets},
    year={1992},
    volume={38},
    number={2},
    pages={617-643},
    keywords={picture processing;signal processing;transforms;one dimensional signals;signal analysis;signal processing;image edge location;white noise removal;image processing;singularities;Lipschitz exponents;wavelet transform;irregular structures;fast oscillations;modulus maxima;two-dimensional signals;Wavelet transforms;Fourier transforms;Mathematics;Frequency measurement;Signal analysis;Wavelet analysis;Signal processing algorithms;Signal processing;White noise;Noise reduction},
    doi={10.1109/18.119727},
    ISSN={0018-9448},
    month={March},
}



@article{doi:10.1175/1520-0477,
    author = {Torrence, Christopher and Compo, Gilbert P.},
    title = {A Practical Guide to Wavelet Analysis},
    journal = {Bulletin of the American Meteorological Society},
    volume = {79},
    number = {1},
    pages = {61-78},
    year = {1998},
    doi = {10.1175/1520-0477(1998)079<0061:APGTWA>2.0.CO;2},
    URL = {https://doi.org/10.1175/1520-0477(1998)079<0061:APGTWA>2.0.CO;2},
    eprint = {https://doi.org/10.1175/1520-0477(1998)079<0061:APGTWA>2.0.CO;2},
}



@ARTICLE{336245,
    title={Wavelet transform domain filters: a spatially selective noise filtration technique},
    author={Xu, Yansun and Weaver, John B and Healy, Dennis M and Lu, Jian},
    journal={IEEE transactions on image processing},
    volume={3},
    number={6},
    pages={747--758},
    year={1994},
    publisher={IEEE}
}



@ARTICLE{622558,
    author={E. B. {George} and M. J. T. {Smith}},
    journal={IEEE Transactions on Speech and Audio Processing},
    title={Speech analysis/synthesis and modification using an analysis-by-synthesis/overlap-add sinusoidal model},
    year={1997},
    volume={5},
    number={5},
    pages={389-406},
    keywords={speech processing;speech synthesis;speech intelligibility;frequency estimation;fast Fourier transforms;correlation methods;model parameters;analysis by synthesis model;overlap-add sinusoidal model;sinusoidal modeling;speech processing;pitch scale modification algorithm;speech analysis/synthesis system;frequency-domain algorithm;computational efficiency;fast Fourier transform;frequency estimation;shape invariant speech modification;speech bandwidth;synthetic speech quality;sidelobe interference effects;nonstationary speech events;overlap-add synthesis model;phase coherence;FFT algorithm;time varying time scale modification;time varying frequency scale modification;correlation;Speech analysis;Speech synthesis;Predictive models;Algorithm design and analysis;Speech enhancement;Frequency estimation;Shape control;Speech processing;Fourier transforms;Frequency domain analysis},
    doi={10.1109/89.622558},
    ISSN={1063-6676},
    month={Sep.},
}



@ARTICLE{1164910,
    author={R. {McAulay} and T. {Quatieri}},
    journal={IEEE Transactions on Acoustics, Speech, and Signal Processing},
    title={Speech analysis/Synthesis based on a sinusoidal representation},
    year={1986},
    volume={34},
    number={4},
    pages={744-754},
    keywords={Speech analysis;Speech synthesis;Acoustic noise;Noise shaping;Speech coding;Frequency synthesizers;Parameter estimation;Fourier transforms;Phase modulation;Amplitude modulation},
    doi={10.1109/TASSP.1986.1164910},
    ISSN={0096-3518},
    month={August},
}



@ARTICLE{4156182,
    author={Y. {Avargel} and I. {Cohen}},
    journal={IEEE Transactions on Audio, Speech, and Language Processing},
    title={System Identification in the Short-Time Fourier Transform Domain With Crossband Filtering},
    year={2007},
    volume={15},
    number={4},
    pages={1305-1319},
    keywords={acoustic signal processing;echo suppression;filtering theory;Fourier transforms;loudspeakers;microphones;system identification;short-time Fourier transform domain;crossband filtering;input signal;additive noise signal;multiplicative transfer function;acoustic echo canceller;loudspeaker-enclosure-microphone system;System identification;Fourier transforms;Filters;Signal processing;Filtering;Signal analysis;Steady-state;Additive noise;Transfer functions;Computational complexity;Echo suppression;short-time Fourier transform (STFT);subband acoustic echo cancellers;subband filtering;system identification;time-frequency analysis},
    doi={10.1109/TASL.2006.889720},
    ISSN={1558-7916},
    month={May},
}



@ARTICLE{1164162,
    author={S. {Nawab} and T. {Quatieri} and },
    journal={IEEE Transactions on Acoustics, Speech, and Signal Processing},
    title={Signal reconstruction from short-time Fourier transform magnitude},
    year={1983},
    volume={31},
    number={4},
    pages={986-998},
    keywords={Signal reconstruction;Fourier transforms;Speech enhancement;Signal analysis;Speech processing;Signal processing algorithms;Speech synthesis;Phase noise;Image reconstruction;Noise reduction},
    doi={10.1109/TASSP.1983.1164162},
    ISSN={0096-3518},
    month={August},
}



@ARTICLE{466662,
    author={R. {Smits} and B. {Yegnanarayana}},
    journal={IEEE Transactions on Speech and Audio Processing},
    title={Determination of instants of significant excitation in speech using group delay function},
    year={1995},
    volume={3},
    number={5},
    pages={325-333},
    keywords={speech processing;Fourier transforms;prediction theory;filtering theory;significant excitation instants;group delay function;glottal closure;pitch period;voiced speech;global phase characteristics;minimum phase signals;unwrapped phase;short-time Fourier transform;linear prediction residual;phase slope function;positive zero-crossing;source-filter;speech production;analysis window;male speech;female speech;noise-free conditions;Delay;Fourier transforms;Speech analysis;Speech synthesis;Filters;Region 2;Information analysis;Signal analysis;Educational institutions;Computer science},
    doi={10.1109/89.466662},
    ISSN={1063-6676},
    month={Sep.},
}




@article{1781640,
    address = {University of Helsinki, Department of Physics, Siltavuorenpenger 20 D, SF-00170 Helsinki, Finland},
    author = {Paatero, Pentti and Tapper, Unto},
    doi = {10.1002/env.3170050203},
    journal = {Environmetrics},
    keywords = {clustering, nmf},
    month = jun,
    number = {2},
    pages = {111--126},
    publisher = {John Wiley \& Sons, Ltd.},
    title = {{Positive matrix factorization: A non-negative factor model with optimal utilization of error estimates of data values}},
    url = {http://dx.doi.org/10.1002/env.3170050203},
    volume = {5},
    year = {1994}
}




@inproceedings{Lee:2000:ANM:3008751.3008829,
    author = {Lee, Daniel D. and Seung, H. Sebastian},
    title = {Algorithms for Non-negative Matrix Factorization},
    booktitle = {Proceedings of the 13th International Conference on Neural Information Processing Systems},
    series = {NIPS'00},
    year = {2000},
    location = {Denver, CO},
    pages = {535--541},
    numpages = {7},
    url = {http://dl.acm.org/citation.cfm?id=3008751.3008829},
    acmid = {3008829},
    publisher = {MIT Press},
    address = {Cambridge, MA, USA},
}



@inproceedings{maas2013rectifier,
    title={Rectifier nonlinearities improve neural network acoustic models},
    author={Maas, Andrew L and Hannun, Awni Y and Ng, Andrew Y},
    booktitle={Proc. icml},
    volume={30},
    number={1},
    pages={3},
    year={2013}
}



@article{carlile2017improving,
    title={Improving deep learning by inverse square root linear units (ISRLUs)},
    author={Carlile, Brad and Delamarter, Guy and Kinney, Paul and Marti, Akiko and Whitney, Brian},
    journal={arXiv preprint arXiv:1710.09967},
    year={2017}
}



@article{cybenko1989approximation,
    title={Approximation by superpositions of a sigmoidal function},
    author={Cybenko, George},
    journal={Mathematics of control, signals and systems},
    volume={2},
    number={4},
    pages={303--314},
    year={1989},
    publisher={Springer}
}



@article{hornik1989multilayer,
    title={Multilayer feedforward networks are universal approximators},
    author={Hornik, Kurt and Stinchcombe, Maxwell and White, Halbert},
    journal={Neural networks},
    volume={2},
    number={5},
    pages={359--366},
    year={1989},
    publisher={Elsevier}
}



@article{HORNIK1991251,
    title = "Approximation capabilities of multilayer feedforward networks",
    journal = "Neural Networks",
    volume = "4",
    number = "2",
    pages = "251 - 257",
    year = "1991",
    issn = "0893-6080",
    doi = "https://doi.org/10.1016/0893-6080(91)90009-T",
    url = "http://www.sciencedirect.com/science/article/pii/089360809190009T",
    author = "Kurt Hornik",
    keywords = "Multilayer feedforward networks, Activation function, Universal approximation capabilities, Input environment measure, () approximation, Uniform approximation, Sobolev spaces, Smooth approximation",
}



@incollection{NIPS2017_7203,
    title = {The Expressive Power of Neural Networks: A View from the Width},
    author = {Lu, Zhou and Pu, Hongming and Wang, Feicheng and Hu, Zhiqiang and Wang, Liwei},
    booktitle = {Advances in Neural Information Processing Systems 30},
    editor = {I. Guyon and U. V. Luxburg and S. Bengio and H. Wallach and R. Fergus and S. Vishwanathan and R. Garnett},
    pages = {6231--6239},
    year = {2017},
    publisher = {Curran Associates, Inc.},
    url = {http://papers.nips.cc/paper/7203-the-expressive-power-of-neural-networks-a-view-from-the-width.pdf}
}



@book{royden1988real,
    title={Real Analysis},
    author={Royden, H.L.},
    isbn={9780024041517},
    lccn={86033216},
    series={Mathematics and statistics},
    url={https://books.google.com.br/books?id=J4k\_AQAAIAAJ},
    year={1988},
    publisher={Macmillan}
}



@article{hanin2017universal,
    title={Universal function approximation by deep neural nets with bounded width and relu activations},
    author={Hanin, Boris},
    journal={arXiv preprint arXiv:1708.02691},
    year={2017}
}




@article{Rumelhart1986,
    author={Rumelhart, David E.
    and Hinton, Geoffrey E.
    and Williams, Ronald J.},
    title={Learning representations by back-propagating errors},
    journal={Nature},
    year={1986},
    volume={323},
    number={6088},
    pages={533-536},
    issn={1476-4687},
    doi={10.1038/323533a0},
    url={https://doi.org/10.1038/323533a0}
}




@book{rumelhart1988parallel,
    title={Parallel distributed processing},
    author={Rumelhart, David E and McClelland, James L and PDP Research Group and others},
    volume={1},
    year={1988},
    publisher={MIT press Cambridge}
}




@article{cauchy1847methode,
    title={M{\'e}thode g{\'e}n{\'e}rale pour la r{\'e}solution des systemes d’{\'e}quations simultan{\'e}es},
    author={Cauchy, Augustin},
    journal={Comp. Rend. Sci. Paris},
    volume={25},
    number={1847},
    pages={536--538},
    year={1847}
}




@article{srivastava2014dropout,
    title={Dropout: a simple way to prevent neural networks from overfitting},
    author={Srivastava, Nitish and Hinton, Geoffrey and Krizhevsky, Alex and Sutskever, Ilya and Salakhutdinov, Ruslan},
    journal={The Journal of Machine Learning Research},
    volume={15},
    number={1},
    pages={1929--1958},
    year={2014},
    publisher={JMLR. org}
}




@article{robbins1951stochastic,
    title={A stochastic approximation method},
    author={Robbins, Herbert and Monro, Sutton},
    journal={The annals of mathematical statistics},
    pages={400--407},
    year={1951},
    publisher={JSTOR}
}




@article{kiefer1952stochastic,
    title={Stochastic estimation of the maximum of a regression function},
    author={Kiefer, Jack and Wolfowitz, Jacob and others},
    journal={The Annals of Mathematical Statistics},
    volume={23},
    number={3},
    pages={462--466},
    year={1952},
    publisher={Institute of Mathematical Statistics}
}




@inproceedings{he2015delving,
    title={Delving deep into rectifiers: Surpassing human-level performance on imagenet classification},
    author={He, Kaiming and Zhang, Xiangyu and Ren, Shaoqing and Sun, Jian},
    booktitle={Proceedings of the IEEE international conference on computer vision},
    pages={1026--1034},
    year={2015}
}




@inproceedings{glorot2010understanding,
    title={Understanding the difficulty of training deep feedforward neural networks},
    author={Glorot, Xavier and Bengio, Yoshua},
    booktitle={Proceedings of the thirteenth international conference on artificial intelligence and statistics},
    pages={249--256},
    year={2010}
}




@article{taleb1999source,
    title={Source separation in post-nonlinear mixtures},
    author={Taleb, Anisse and Jutten, Christian},
    journal={IEEE Transactions on signal Processing},
    volume={47},
    number={10},
    pages={2807--2820},
    year={1999},
    publisher={IEEE}
}




@article{hyvarinen1999nonlinear,
    title={Nonlinear independent component analysis: Existence and uniqueness results},
    author={Hyv{\"a}rinen, Aapo and Pajunen, Petteri},
    journal={Neural Networks},
    volume={12},
    number={3},
    pages={429--439},
    year={1999},
    publisher={Elsevier}
}




@article{sole2003improving,
    title={Improving algorithm speed in PNL mixture separation and Wiener system inversion},
    author={Sol{\'e}-Casals, Jordi and Babaie-Zadeh, Massoud and Jutten, Christian and Pham, Dinh-Tuan and others},
    year={2003}
}




@article{ziehe2003blind,
    title={Blind separation of post-nonlinear mixtures using linearizing transformations and temporal decorrelation},
    author={Ziehe, Andreas and Kawanabe, Motoaki and Harmeling, Stefan and M{\~A}{\v{z}}ller, Klaus-Robert},
    journal={Journal of Machine Learning Research},
    volume={4},
    number={Dec},
    pages={1319--1338},
    year={2003}
}




@article{kaneko2018generative,
    title={Generative adversarial networks: Foundations and applications},
    author={Kaneko, Takuhiro},
    journal={Acoustical Science and Technology},
    volume={39},
    number={3},
    pages={189--197},
    year={2018},
    publisher={Acoustical Society of Japan}
}




@inproceedings{fan2018svsgan,
    title={Svsgan: Singing voice separation via generative adversarial network},
    author={Fan, Zhe-Cheng and Lai, Yen-Lin and Jang, Jyh-Shing R},
    booktitle={2018 IEEE International Conference on Acoustics, Speech and Signal Processing (ICASSP)},
    pages={726--730},
    year={2018},
    organization={IEEE}
}




@article{brakel2017learning,
    title={Learning independent features with adversarial nets for non-linear ica},
    author={Brakel, Philemon and Bengio, Yoshua},
    journal={arXiv preprint arXiv:1710.05050},
    year={2017}
}




@article{radford2015unsupervised,
    title={Unsupervised representation learning with deep convolutional generative adversarial networks},
    author={Radford, Alec and Metz, Luke and Chintala, Soumith},
    journal={arXiv preprint arXiv:1511.06434},
    year={2015}
}




@inproceedings{salimans2016improved,
    title={Improved techniques for training gans},
    author={Salimans, Tim and Goodfellow, Ian and Zaremba, Wojciech and Cheung, Vicki and Radford, Alec and Chen, Xi},
    booktitle={Advances in neural information processing systems},
    pages={2234--2242},
    year={2016}
}




@article{mirza2014conditional,
    title={Conditional generative adversarial nets},
    author={Mirza, Mehdi and Osindero, Simon},
    journal={arXiv preprint arXiv:1411.1784},
    year={2014}
}




@article{karras2017progressive,
    title={Progressive growing of gans for improved quality, stability, and variation},
    author={Karras, Tero and Aila, Timo and Laine, Samuli and Lehtinen, Jaakko},
    journal={arXiv preprint arXiv:1710.10196},
    year={2017}
}




@ARTICLE{761722, 
    author={A. {Hyvarinen}}, 
    journal={IEEE Transactions on Neural Networks}, 
    title={Fast and robust fixed-point algorithms for independent component analysis}, 
    year={1999}, 
    volume={10}, 
    number={3}, 
    pages={626-634}, 
    keywords={fixed point arithmetic;statistical analysis;maximum entropy methods;function approximation;optimisation;convergence of numerical methods;mathematics computing;fixed-point algorithms;independent component analysis;statistical analysis;Comon information theory;projection pursuit;maximum entropy approximations;contrast functions;optimization;function approximation;convergence;Robustness;Independent component analysis;Signal processing algorithms;Vectors;Information theory;Entropy;Mutual information;Blind source separation;Feature extraction;Data mining}, 
    doi={10.1109/72.761722}, 
    ISSN={1045-9227}, 
month={May},
}




@inproceedings{matic2009comparison,
  title={Comparison of ICA algorithms for ECG artifact removal from EEG signals},
  author={Matic, Vladimir and Deburchgraeve, Wouter and Van Huffel, Sabine},
  booktitle={Proc. of the 4th Annual symposium of the IEEE-EMBS Benelux Chapter.(IEEE-EMBS)},
  pages={137--140},
  year={2009}
}




@inproceedings{sahonerocomparison,
    title={A Comparison of SOBI, FastICA, JADE and Infomax Algorithms},
    author={Sahonero-Alvarez, Guillermo and Calderon, Humberto},
    booktitle={International Multi-Conference on Complexity, Informatics and Cybernetics (IMCIC)},
    pages={17--22},
    year={2017}
}




@ARTICLE{5356190, 
    author={V. {Zarzoso} and P. {Comon}}, 
    journal={IEEE Transactions on Neural Networks}, 
    title={Robust Independent Component Analysis by Iterative Maximization of the Kurtosis Contrast With Algebraic Optimal Step Size}, 
    year={2010}, 
    volume={21}, 
    number={2}, 
    pages={248-261}, 
    keywords={blind source separation;independent component analysis;optimisation;independent component analysis;optimal step size;kurtosis contrast;RobustICA algorithm;atrial activity extraction;atrial fibrillation ECG;electrocardiograms;exact line search optimization;Robustness;Independent component analysis;Polynomials;Data mining;Iterative algorithms;Costs;Convergence;Computational efficiency;Numerical analysis;Atrial fibrillation;Atrial fibrillation (AF);blind source separation (BSS);independent component analysis (ICA);iterative optimization;kurtosis;optimal step size;performance analysis;Algorithms;Atrial Fibrillation;Atrial Fibrillation;Computer Simulation;Databases, Factual;Diagnosis, Computer-Assisted;Electrocardiography;Heart Atria;Humans;Models, Statistical;Normal Distribution;Signal Processing, Computer-Assisted;Telecommunications;Time Factors}, 
    doi={10.1109/TNN.2009.2035920}, 
    ISSN={1045-9227}, 
    month={Feb},
}




@ARTICLE{554307, 
    author={A. {Belouchrani} and K. {Abed-Meraim} and J. -. {Cardoso} and E. {Moulines}}, 
    journal={IEEE Transactions on Signal Processing}, 
    title={A blind source separation technique using second-order statistics}, 
    year={1997}, 
    volume={45}, 
    number={2}, 
    pages={434-444}, 
    keywords={covariance matrices;statistical analysis;identification;signal processing;blind source separation technique;second-order statistics;instantaneous linear mixtures;time coherence;joint diagonalization;covariance matrices;asymptotic performance analysis;numerical simulations;Blind source separation;Statistics;Array signal processing;Covariance matrix;Narrowband;Signal processing;Sensor arrays;Vectors;Calibration;Frequency estimation}, 
    doi={10.1109/78.554307}, 
    ISSN={1053-587X}, 
    month={Feb},
}




@article{cardoso1999high,
    title={High-order contrasts for independent component analysis},
    author={Cardoso, Jean-Fran{\c{c}}ois},
    journal={Neural computation},
    volume={11},
    number={1},
    pages={157--192},
    year={1999},
    publisher={MIT Press}
}




@article{linsker1988self,
    title={Self-organization in a perceptual network},
    author={Linsker, Ralph},
    journal={Computer},
    volume={21},
    number={3},
    pages={105--117},
    year={1988},
    publisher={IEEE}
}




@article{miettinen2015fourth,
    title={Fourth moments and independent component analysis},
    author={Miettinen, Jari and Taskinen, Sara and Nordhausen, Klaus and Oja, Hannu and others},
    journal={Statistical science},
    volume={30},
    number={3},
    pages={372--390},
    year={2015},
    publisher={Institute of Mathematical Statistics}
}




@techreport{broomhead1988radial,
    title={Radial basis functions, multi-variable functional interpolation and adaptive networks},
    author={Broomhead, David S and Lowe, David},
    year={1988},
    institution={Royal Signals and Radar Establishment Malvern (United Kingdom)}
}




@article{park1991universal,
    title={Universal approximation using radial-basis-function networks},
    author={Park, Jooyoung and Sandberg, Irwin W},
    journal={Neural computation},
    volume={3},
    number={2},
    pages={246--257},
    year={1991},
    publisher={MITP}
}




@book{aggarwal2018neural,
    title={Neural Networks and Deep Learning: A Textbook},
    author={Aggarwal, C.C.},
    isbn={9783319944630},
    url={https://books.google.com.br/books?id=achqDwAAQBAJ},
    year={2018},
    publisher={Springer International Publishing}
}




@article{hopfield1982neural,
    title={Neural networks and physical systems with emergent collective computational abilities},
    author={Hopfield, John J},
    journal={Proceedings of the national academy of sciences},
    volume={79},
    number={8},
    pages={2554--2558},
    year={1982},
    publisher={National Acad Sciences}
}




@techreport{smolensky1986information,
    title={Information processing in dynamical systems: Foundations of harmony theory},
    author={Smolensky, Paul},
    year={1986},
    institution={Colorado Univ at Boulder Dept of Computer Science}
}




@article{fukushima1980neocognitron,
    title={Neocognitron: A self-organizing neural network model for a mechanism of pattern recognition unaffected by shift in position},
    author={Fukushima, Kunihiko},
    journal={Biological cybernetics},
    volume={36},
    number={4},
    pages={193--202},
    year={1980},
    publisher={Springer}
}




@article{OH20041311,
    title = "GPU implementation of neural networks",
    journal = "Pattern Recognition",
    volume = "37",
    number = "6",
    pages = "1311 - 1314",
    year = "2004",
    issn = "0031-3203",
    doi = "https://doi.org/10.1016/j.patcog.2004.01.013",
    url = "http://www.sciencedirect.com/science/article/pii/S0031320304000524",
    author = "Kyoung-Su Oh and Keechul Jung",
    keywords = "Graphics processing unit(GPU), Neural network(NN), Multi-layer perceptron, Text detection",
}




@article{doi:10.1162/neco.2006.18.7.1527,
    author = {Hinton, Geoffrey E. and Osindero, Simon and Teh, Yee-Whye},
    title = {A Fast Learning Algorithm for Deep Belief Nets},
    journal = {Neural Computation},
    volume = {18},
    number = {7},
    pages = {1527-1554},
    year = {2006},
    doi = {10.1162/neco.2006.18.7.1527},
    note ={PMID: 16764513},
    URL = {https://doi.org/10.1162/neco.2006.18.7.1527},
}